
@book{C45,
  author    = {Marcus Tullius Cicero},
  title     = {de Finibus Bonorum et Malorum},
  publisher = {anonymous},
  year      = 45,
}
